@article{kipf2017semi,
  title={Semi-Supervised Classification with Graph Convolutional Networks},
  author={Kipf, Thomas N. and Welling, Max},
  journal={Proceedings of the International Conference on Learning Representations (ICLR)},
  year={2017}
}

% Sen, P., Namata, G., Bilgic, M., Getoor, L., Gallagher, B., & Eliassi-Rad, T. (2008). Collective classification in network data. AI Magazine, 29(3), 93.
@article{sen2008collective,
  title={Collective classification in network data},
  author={Sen, Prithviraj and Namata, Galileo and Bilgic, Mustafa and Getoor, Lise and Gallagher, Brian and Eliassi-Rad, Tina},
  journal={AI Magazine},
  volume={29},
  number={3},
  pages={93},
  year={2008},
}

% Kipf, T. (n.d.). gcn: Implementation of Graph Convolutional Networks in TensorFlow. GitHub. https://github.com/tkipf/gcn
@misc{kipf2016gcn,
  author = {Thomas Kipf},
  title = {GCN: Implementation of Graph Convolutional Networks in TensorFlow},
  year = {2016},
  publisher = {GitHub},
  journal = {GitHub repository},
  howpublished = {\url{https://github.com/tkipf/gcn}},
}