@article{kipf2017semi,
  title={Semi-Supervised Classification with Graph Convolutional Networks},
  author={Kipf, Thomas N. and Welling, Max},
  journal={Proceedings of the International Conference on Learning Representations (ICLR)},
  year={2017}
}